[gd_scene load_steps=8 format=2]

[ext_resource path="res://src/objects/DEATH.tscn" type="PackedScene" id=1]
[ext_resource path="res://src/screens/EndScreen.tscn" type="PackedScene" id=2]
[ext_resource path="res://src/levels/mappieces/mapPiece.gd" type="Script" id=3]
[ext_resource path="res://src/assets/tilesets/tileset.tres" type="TileSet" id=4]
[ext_resource path="res://src/objects/SlowDown3.tscn" type="PackedScene" id=5]
[ext_resource path="res://src/assets/themes/ui_theme.tres" type="Theme" id=6]
[ext_resource path="res://src/objects/pickupSpawner2.tscn" type="PackedScene" id=7]

[node name="mapPiece" type="Node2D"]
script = ExtResource( 3 )

[node name="Label" type="Label" parent="."]
visible = false
margin_right = 79.0
margin_bottom = 14.0
theme = ExtResource( 6 )
text = "mapPiece4"
__meta__ = {
"_edit_use_anchors_": false
}

[node name="TileMap2" type="TileMap" parent="."]
tile_set = ExtResource( 4 )
cell_size = Vector2( 8, 8 )
cell_quadrant_size = 8
show_collision = true
format = 1
tile_data = PoolIntArray( 524301, 0, 0, 524302, 0, 0, 524303, 0, 0, 655368, 0, 0, 655369, 0, 0, 655370, 0, 0, 851968, 0, 0, 851969, 0, 0, 851970, 0, 0, 851971, 0, 0, 851972, 0, 0, 851973, 0, 0, 851974, 0, 0, 851975, 0, 0, 851976, 0, 0, 851977, 0, 0, 851978, 0, 0, 851979, 0, 0, 851980, 0, 0, 851981, 0, 0, 851982, 0, 0, 851983, 0, 0, 917504, 5, 0, 917505, 1, 0, 917506, 5, 0, 917507, 5, 0, 917508, 5, 0, 917509, 5, 0, 917510, 5, 0, 917511, 4, 0, 917512, 5, 0, 917513, 5, 0, 917514, 1, 0, 917515, 5, 0, 917516, 5, 0, 917517, 5, 0, 917518, 5, 0, 917519, 5, 0, 983040, 5, 0, 983041, 5, 0, 983042, 5, 0, 983043, 2, 0, 983044, 5, 0, 983045, 5, 0, 983046, 1, 0, 983047, 5, 0, 983048, 5, 0, 983049, 5, 0, 983050, 5, 0, 983051, 5, 0, 983052, 5, 0, 983053, 5, 0, 983054, 5, 0, 983055, 3, 0 )

[node name="Death" type="Node2D" parent="."]

[node name="DEATH" parent="Death" instance=ExtResource( 1 )]
position = Vector2( 64, 80 )
next_scene = ExtResource( 2 )

[node name="DEATH2" parent="Death" instance=ExtResource( 1 )]
position = Vector2( 104, 64 )
next_scene = ExtResource( 2 )

[node name="slowdown1" parent="." instance=ExtResource( 5 )]
position = Vector2( 24, 104 )
reduceVelocity = 1.3

[node name="enemies" type="Node2D" parent="."]

[node name="coins" type="Node2D" parent="."]

[node name="pickupSpawner2" parent="coins" instance=ExtResource( 7 )]
